<?xml version="1.0" encoding="UTF-8"?><collection xmlns="http://www.loc.gov/MARC21/slim"><record><leader>00392nam--2200133-i-4500</leader><controlfield tag="001">000005140</controlfield><controlfield tag="002">20161230</controlfield><controlfield tag="005">20161230201026</controlfield><controlfield tag="008">060222s1000------------r-----000-0-eng-d</controlfield><datafield ind1=" " ind2=" " tag="245"><subfield code="a">Seminaire de theories physiques, dirige par 24e annee - 27e annee</subfield></datafield><datafield ind1=" " ind2=" " tag="260"><subfield code="a">Paris, Secretariat Mathematique, 1955-1958</subfield></datafield><datafield ind1=" " ind2=" " tag="490"><subfield code="a">Faculte Des Sciences De Paris</subfield></datafield><datafield ind1=" " ind2=" " tag="700"><subfield code="a">Broglie, Louis De</subfield></datafield><datafield ind1=" " ind2=" " tag="852"><subfield code="a">15692</subfield></datafield></record></collection>